<?xml version="1.0" encoding="UTF-8"?><collection xmlns="http://www.loc.gov/MARC21/slim"><record><leader>00603nam--2200181-i-4500</leader><controlfield tag="001">000020137</controlfield><controlfield tag="002">20161230</controlfield><controlfield tag="005">20161230201033</controlfield><controlfield tag="008">060222s1000------------r-----000-0-ger-d</controlfield><datafield ind1=" " ind2=" " tag="040"><subfield code="a">IFIN-HH</subfield></datafield><datafield ind1=" " ind2=" " tag="041"><subfield code="a">ger</subfield></datafield><datafield ind1=" " ind2=" " tag="080"><subfield code="a">538.975</subfield></datafield><datafield ind1="1" ind2=" " tag="110"><subfield code="a">International Union Of Pure And Applied Physics</subfield></datafield><datafield ind1="1" ind2="0" tag="245"><subfield code="a">Elektrische en magnetische eidenschappen van dunne metaallaagjes</subfield><subfield code="b">Electric and magnetic properties of thin metallic layers leuven, 4 - 7 september 1961</subfield></datafield><datafield ind1=" " ind2=" " tag="260"><subfield code="a">Brussel</subfield><subfield code="b">Koninklijke Vlaamse Academie</subfield><subfield code="c">1961</subfield></datafield><datafield ind1=" " ind2=" " tag="300"><subfield code="a">X + 449 P</subfield></datafield><datafield ind1=" " ind2=" " tag="852"><subfield code="a">75115</subfield><subfield code="c">539.23</subfield></datafield><datafield ind1=" " ind2=" " tag="CAT"><subfield code="a">Sys</subfield><subfield code="c">20121219</subfield><subfield code="h">123104</subfield></datafield></record></collection>